<?xml version="1.0" encoding="UTF-8"?>
  <record xmlns="http://www.loc.gov/MARC21/slim" type="Authority">
    <leader>00000nz  a2200000nc 4500</leader>
    <controlfield tag="001">118575341</controlfield>
    <controlfield tag="003">DE-101</controlfield>
    <controlfield tag="005">20220609132830.0</controlfield>
    <controlfield tag="008">880701n||azznnaabn           | aaa    |c</controlfield>
    <datafield tag="024" ind1="7" ind2=" ">
      <subfield code="a">118575341</subfield>
      <subfield code="0">http://d-nb.info/gnd/118575341</subfield>
      <subfield code="2">gnd</subfield>
    </datafield>
    <datafield tag="035" ind1=" " ind2=" ">
      <subfield code="a">(DE-101)118575341</subfield>
    </datafield>
    <datafield tag="035" ind1=" " ind2=" ">
      <subfield code="a">(DE-588)118575341</subfield>
    </datafield>
    <datafield tag="035" ind1=" " ind2=" ">
      <subfield code="z">(DE-588)119742209</subfield>
    </datafield>
    <datafield tag="035" ind1=" " ind2=" ">
      <subfield code="z">(DE-588a)119742209</subfield>
      <subfield code="9">v:zg</subfield>
    </datafield>
    <datafield tag="035" ind1=" " ind2=" ">
      <subfield code="z">(DE-588a)118575341</subfield>
      <subfield code="9">v:zg</subfield>
    </datafield>
    <datafield tag="035" ind1=" " ind2=" ">
      <subfield code="z">(DE-588c)4036682-0</subfield>
      <subfield code="9">v:zg</subfield>
    </datafield>
    <datafield tag="040" ind1=" " ind2=" ">
      <subfield code="a">DE-101</subfield>
      <subfield code="c">DE-101</subfield>
      <subfield code="9">r:DE-101</subfield>
      <subfield code="b">ger</subfield>
      <subfield code="d">0103</subfield>
      <subfield code="e">rda</subfield>
    </datafield>
    <datafield tag="042" ind1=" " ind2=" ">
      <subfield code="a">gnd1</subfield>
    </datafield>
    <datafield tag="043" ind1=" " ind2=" ">
      <subfield code="c">XA-DE</subfield>
    </datafield>
    <datafield tag="065" ind1=" " ind2=" ">
      <subfield code="a">3.6p</subfield>
      <subfield code="2">sswd</subfield>
    </datafield>
    <datafield tag="065" ind1=" " ind2=" ">
      <subfield code="a">16.5p</subfield>
      <subfield code="2">sswd</subfield>
    </datafield>
    <datafield tag="075" ind1=" " ind2=" ">
      <subfield code="b">p</subfield>
      <subfield code="2">gndgen</subfield>
    </datafield>
    <datafield tag="075" ind1=" " ind2=" ">
      <subfield code="b">piz</subfield>
      <subfield code="2">gndspec</subfield>
    </datafield>
    <datafield tag="079" ind1=" " ind2=" ">
      <subfield code="a">g</subfield>
      <subfield code="q">s</subfield>
      <subfield code="q">f</subfield>
      <subfield code="q">n</subfield>
      <subfield code="q">a</subfield>
      <subfield code="q">t</subfield>
      <subfield code="q">z</subfield>
      <subfield code="u">v</subfield>
      <subfield code="u">w</subfield>
      <subfield code="u">o</subfield>
      <subfield code="u">k</subfield>
    </datafield>
    <datafield tag="100" ind1="0" ind2=" ">
      <subfield code="a">Lupold</subfield>
      <subfield code="b">III.</subfield>
      <subfield code="c">Bamberg, Bischof</subfield>
      <subfield code="d">1298-1363</subfield>
    </datafield>
    <datafield tag="375" ind1=" " ind2=" ">
      <subfield code="a">1</subfield>
      <subfield code="2">iso5218</subfield>
    </datafield>
    <datafield tag="400" ind1="0" ind2=" ">
      <subfield code="a">Lupold</subfield>
      <subfield code="c">Konstanz, Bischof</subfield>
      <subfield code="d">1298-1363</subfield>
    </datafield>
    <datafield tag="400" ind1="0" ind2=" ">
      <subfield code="a">Lupold</subfield>
      <subfield code="c">von Bebenburg</subfield>
      <subfield code="d">1298-1363</subfield>
    </datafield>
    <datafield tag="400" ind1="1" ind2=" ">
      <subfield code="a">Bebenburg, Lupold &#152;von&#156;</subfield>
      <subfield code="d">1298-1363</subfield>
    </datafield>
    <datafield tag="400" ind1="0" ind2=" ">
      <subfield code="a">Leopold</subfield>
      <subfield code="b">III.</subfield>
      <subfield code="c">Bamberg, Bischof</subfield>
      <subfield code="d">1298-1363</subfield>
    </datafield>
    <datafield tag="400" ind1="0" ind2=" ">
      <subfield code="a">Leopold</subfield>
      <subfield code="c">Konstanz, Bischof</subfield>
      <subfield code="d">1298-1363</subfield>
    </datafield>
    <datafield tag="400" ind1="0" ind2=" ">
      <subfield code="a">Leopold</subfield>
      <subfield code="c">von Bebenburg</subfield>
      <subfield code="d">1298-1363</subfield>
    </datafield>
    <datafield tag="400" ind1="1" ind2=" ">
      <subfield code="a">Bebenburg, Leopold &#152;von&#156;</subfield>
      <subfield code="d">1298-1363</subfield>
    </datafield>
    <datafield tag="400" ind1="0" ind2=" ">
      <subfield code="a">Leupold</subfield>
      <subfield code="b">III.</subfield>
      <subfield code="c">Bamberg, Bischof</subfield>
      <subfield code="d">1298-1363</subfield>
    </datafield>
    <datafield tag="400" ind1="0" ind2=" ">
      <subfield code="a">Leupold</subfield>
      <subfield code="c">Konstanz, Bischof</subfield>
      <subfield code="d">1298-1363</subfield>
    </datafield>
    <datafield tag="400" ind1="0" ind2=" ">
      <subfield code="a">Leupold</subfield>
      <subfield code="c">von Bebenburg</subfield>
      <subfield code="d">1298-1363</subfield>
    </datafield>
    <datafield tag="400" ind1="1" ind2=" ">
      <subfield code="a">Bebenburg, Leupold &#152;von&#156;</subfield>
      <subfield code="d">1298-1363</subfield>
    </datafield>
    <datafield tag="400" ind1="0" ind2=" ">
      <subfield code="a">Lupoldus</subfield>
      <subfield code="b">III.</subfield>
      <subfield code="c">Bamberga, Episcopus</subfield>
      <subfield code="d">1298-1363</subfield>
    </datafield>
    <datafield tag="400" ind1="0" ind2=" ">
      <subfield code="a">Lupoldus</subfield>
      <subfield code="b">III.</subfield>
      <subfield code="c">Episcopus Bambergensis</subfield>
      <subfield code="d">1298-1363</subfield>
    </datafield>
    <datafield tag="400" ind1="0" ind2=" ">
      <subfield code="a">Lupoldus</subfield>
      <subfield code="c">Constantia, Episcopus</subfield>
      <subfield code="d">1298-1363</subfield>
    </datafield>
    <datafield tag="400" ind1="0" ind2=" ">
      <subfield code="a">Lupoldus</subfield>
      <subfield code="c">Episcopus Constantiensis</subfield>
      <subfield code="d">1298-1363</subfield>
    </datafield>
    <datafield tag="400" ind1="0" ind2=" ">
      <subfield code="a">Lupoldus</subfield>
      <subfield code="c">a Bebenburg</subfield>
      <subfield code="d">1298-1363</subfield>
    </datafield>
    <datafield tag="400" ind1="1" ind2=" ">
      <subfield code="a">Bebenburg, Lupoldus &#152;a&#156;</subfield>
      <subfield code="d">1298-1363</subfield>
    </datafield>
    <datafield tag="400" ind1="0" ind2=" ">
      <subfield code="a">Leopoldus</subfield>
      <subfield code="b">III.</subfield>
      <subfield code="c">Bamberga, Episcopus</subfield>
      <subfield code="d">1298-1363</subfield>
    </datafield>
    <datafield tag="400" ind1="0" ind2=" ">
      <subfield code="a">Leopoldus</subfield>
      <subfield code="b">III.</subfield>
      <subfield code="c">Episcopus Bambergensis</subfield>
      <subfield code="d">1298-1363</subfield>
    </datafield>
    <datafield tag="400" ind1="0" ind2=" ">
      <subfield code="a">Leopoldus</subfield>
      <subfield code="c">Constantia, Episcopus</subfield>
      <subfield code="d">1298-1363</subfield>
    </datafield>
    <datafield tag="400" ind1="0" ind2=" ">
      <subfield code="a">Leopoldus</subfield>
      <subfield code="c">Episcopus Constantiensis</subfield>
      <subfield code="d">1298-1363</subfield>
    </datafield>
    <datafield tag="400" ind1="0" ind2=" ">
      <subfield code="a">Leopoldus</subfield>
      <subfield code="c">a Bebenburg</subfield>
      <subfield code="d">1298-1363</subfield>
    </datafield>
    <datafield tag="400" ind1="1" ind2=" ">
      <subfield code="a">Bebenburg, Leopoldus &#152;a&#156;</subfield>
      <subfield code="d">1298-1363</subfield>
    </datafield>
    <datafield tag="400" ind1="0" ind2=" ">
      <subfield code="a">Leupoldus</subfield>
      <subfield code="b">III.</subfield>
      <subfield code="c">Bamberga, Episcopus</subfield>
      <subfield code="d">1298-1363</subfield>
    </datafield>
    <datafield tag="400" ind1="0" ind2=" ">
      <subfield code="a">Leupoldus</subfield>
      <subfield code="b">III.</subfield>
      <subfield code="c">Episcopus Bambergensis</subfield>
      <subfield code="d">1298-1363</subfield>
    </datafield>
    <datafield tag="400" ind1="0" ind2=" ">
      <subfield code="a">Leupoldus</subfield>
      <subfield code="c">Constantia, Episcopus</subfield>
      <subfield code="d">1298-1363</subfield>
    </datafield>
    <datafield tag="400" ind1="0" ind2=" ">
      <subfield code="a">Leupoldus</subfield>
      <subfield code="c">Episcopus Constantiensis</subfield>
      <subfield code="d">1298-1363</subfield>
    </datafield>
    <datafield tag="400" ind1="0" ind2=" ">
      <subfield code="a">Leupoldus</subfield>
      <subfield code="c">a Bebenburg</subfield>
      <subfield code="d">1298-1363</subfield>
    </datafield>
    <datafield tag="400" ind1="1" ind2=" ">
      <subfield code="a">Bebenburg, Leupoldus &#152;a&#156;</subfield>
      <subfield code="d">1298-1363</subfield>
    </datafield>
    <datafield tag="500" ind1="3" ind2=" ">
      <subfield code="0">(DE-101)124587682</subfield>
      <subfield code="0">(DE-588)124587682</subfield>
      <subfield code="0">https://d-nb.info/gnd/124587682</subfield>
      <subfield code="a">Bebenburg</subfield>
      <subfield code="c">Familie</subfield>
      <subfield code="4">mitg</subfield>
      <subfield code="4">https://d-nb.info/standards/elementset/gnd#memberOfTheFamily</subfield>
      <subfield code="w">r</subfield>
      <subfield code="i">Mitglied</subfield>
      <subfield code="e">Mitglied</subfield>
    </datafield>
    <datafield tag="500" ind1="1" ind2=" ">
      <subfield code="0">(DE-101)119668513</subfield>
      <subfield code="0">(DE-588)119668513</subfield>
      <subfield code="0">https://d-nb.info/gnd/119668513</subfield>
      <subfield code="a">Fabris, Melchior &#152;de&#156;</subfield>
      <subfield code="4">beza</subfield>
      <subfield code="4">https://d-nb.info/standards/elementset/gnd#acquaintanceshipOrFriendship</subfield>
      <subfield code="w">r</subfield>
      <subfield code="i">Bekanntschaft</subfield>
      <subfield code="e">Bekanntschaft</subfield>
      <subfield code="9">v:VD-16 Mitverf.</subfield>
    </datafield>
    <datafield tag="500" ind1="1" ind2=" ">
      <subfield code="0">(DE-101)118533649</subfield>
      <subfield code="0">(DE-588)118533649</subfield>
      <subfield code="0">https://d-nb.info/gnd/118533649</subfield>
      <subfield code="a">Flacius, Matthias</subfield>
      <subfield code="d">1520-1575</subfield>
      <subfield code="4">beza</subfield>
      <subfield code="4">https://d-nb.info/standards/elementset/gnd#acquaintanceshipOrFriendship</subfield>
      <subfield code="w">r</subfield>
      <subfield code="i">Bekanntschaft</subfield>
      <subfield code="e">Bekanntschaft</subfield>
      <subfield code="9">v:VD-16 Mitverf.</subfield>
    </datafield>
    <datafield tag="500" ind1="1" ind2=" ">
      <subfield code="0">(DE-101)118626000</subfield>
      <subfield code="0">(DE-588)118626000</subfield>
      <subfield code="0">https://d-nb.info/gnd/118626000</subfield>
      <subfield code="a">Valla, Lorenzo</subfield>
      <subfield code="d">1407-1457</subfield>
      <subfield code="4">beza</subfield>
      <subfield code="4">https://d-nb.info/standards/elementset/gnd#acquaintanceshipOrFriendship</subfield>
      <subfield code="w">r</subfield>
      <subfield code="i">Bekanntschaft</subfield>
      <subfield code="e">Bekanntschaft</subfield>
      <subfield code="9">v:VD-16 Mitverf.</subfield>
    </datafield>
    <datafield tag="500" ind1="1" ind2=" ">
      <subfield code="0">(DE-101)118769189</subfield>
      <subfield code="0">(DE-588)118769189</subfield>
      <subfield code="0">https://d-nb.info/gnd/118769189</subfield>
      <subfield code="a">Wimpfeling, Jakob</subfield>
      <subfield code="d">1450-1528</subfield>
      <subfield code="4">beza</subfield>
      <subfield code="4">https://d-nb.info/standards/elementset/gnd#acquaintanceshipOrFriendship</subfield>
      <subfield code="w">r</subfield>
      <subfield code="i">Bekanntschaft</subfield>
      <subfield code="e">Bekanntschaft</subfield>
      <subfield code="9">v:VD-16 Mitverf.</subfield>
    </datafield>
    <datafield tag="500" ind1="1" ind2=" ">
      <subfield code="0">(DE-101)119609452</subfield>
      <subfield code="0">(DE-588)119609452</subfield>
      <subfield code="0">https://d-nb.info/gnd/119609452</subfield>
      <subfield code="a">Arnoldus, Beatus</subfield>
      <subfield code="d">1484-1532</subfield>
      <subfield code="4">beza</subfield>
      <subfield code="4">https://d-nb.info/standards/elementset/gnd#acquaintanceshipOrFriendship</subfield>
      <subfield code="w">r</subfield>
      <subfield code="i">Bekanntschaft</subfield>
      <subfield code="e">Bekanntschaft</subfield>
      <subfield code="9">v:VD-16 Mitverf.</subfield>
    </datafield>
    <datafield tag="500" ind1="1" ind2=" ">
      <subfield code="0">(DE-101)118514474</subfield>
      <subfield code="0">(DE-588)118514474</subfield>
      <subfield code="0">https://d-nb.info/gnd/118514474</subfield>
      <subfield code="a">Brant, Sebastian</subfield>
      <subfield code="d">1458-1521</subfield>
      <subfield code="4">beza</subfield>
      <subfield code="4">https://d-nb.info/standards/elementset/gnd#acquaintanceshipOrFriendship</subfield>
      <subfield code="w">r</subfield>
      <subfield code="i">Bekanntschaft</subfield>
      <subfield code="e">Bekanntschaft</subfield>
      <subfield code="9">v:VD-16 Mitverf.</subfield>
    </datafield>
    <datafield tag="500" ind1="1" ind2=" ">
      <subfield code="0">(DE-101)11854988X</subfield>
      <subfield code="0">(DE-588)11854988X</subfield>
      <subfield code="0">https://d-nb.info/gnd/11854988X</subfield>
      <subfield code="a">Herold, Johannes</subfield>
      <subfield code="d">1514-1567</subfield>
      <subfield code="4">beza</subfield>
      <subfield code="4">https://d-nb.info/standards/elementset/gnd#acquaintanceshipOrFriendship</subfield>
      <subfield code="w">r</subfield>
      <subfield code="i">Bekanntschaft</subfield>
      <subfield code="e">Bekanntschaft</subfield>
      <subfield code="9">v:VD-16 Mitverf.</subfield>
    </datafield>
    <datafield tag="500" ind1="1" ind2=" ">
      <subfield code="0">(DE-101)118555049</subfield>
      <subfield code="0">(DE-588)118555049</subfield>
      <subfield code="0">https://d-nb.info/gnd/118555049</subfield>
      <subfield code="a">Hutten, Ulrich &#152;von&#156;</subfield>
      <subfield code="d">1488-1523</subfield>
      <subfield code="4">beza</subfield>
      <subfield code="4">https://d-nb.info/standards/elementset/gnd#acquaintanceshipOrFriendship</subfield>
      <subfield code="w">r</subfield>
      <subfield code="i">Bekanntschaft</subfield>
      <subfield code="e">Bekanntschaft</subfield>
      <subfield code="9">v:VD-16 Mitverf.</subfield>
    </datafield>
    <datafield tag="500" ind1="1" ind2=" ">
      <subfield code="0">(DE-101)100199399</subfield>
      <subfield code="0">(DE-588)100199399</subfield>
      <subfield code="0">https://d-nb.info/gnd/100199399</subfield>
      <subfield code="a">Maffei, Raffaele</subfield>
      <subfield code="d">1451-1522</subfield>
      <subfield code="4">beza</subfield>
      <subfield code="4">https://d-nb.info/standards/elementset/gnd#acquaintanceshipOrFriendship</subfield>
      <subfield code="w">r</subfield>
      <subfield code="i">Bekanntschaft</subfield>
      <subfield code="e">Bekanntschaft</subfield>
      <subfield code="9">v:VD-16 Mitverf.</subfield>
    </datafield>
    <datafield tag="500" ind1="1" ind2=" ">
      <subfield code="0">(DE-101)174061692</subfield>
      <subfield code="0">(DE-588)174061692</subfield>
      <subfield code="0">https://d-nb.info/gnd/174061692</subfield>
      <subfield code="a">Picerni de Montearduo, Bartolomeo</subfield>
      <subfield code="d">14XX-15XX</subfield>
      <subfield code="4">beza</subfield>
      <subfield code="4">https://d-nb.info/standards/elementset/gnd#acquaintanceshipOrFriendship</subfield>
      <subfield code="w">r</subfield>
      <subfield code="i">Bekanntschaft</subfield>
      <subfield code="e">Bekanntschaft</subfield>
      <subfield code="9">v:VD-16 Mitverf.</subfield>
    </datafield>
    <datafield tag="510" ind1="2" ind2=" ">
      <subfield code="0">(DE-101)1080665633</subfield>
      <subfield code="0">(DE-588)1080665633</subfield>
      <subfield code="0">https://d-nb.info/gnd/1080665633</subfield>
      <subfield code="a">Katholische Kirche</subfield>
      <subfield code="b">Diözese Bamberg</subfield>
      <subfield code="4">affi</subfield>
      <subfield code="4">https://d-nb.info/standards/elementset/gnd#affiliation</subfield>
      <subfield code="w">r</subfield>
      <subfield code="i">Affiliation</subfield>
      <subfield code="e">Affiliation</subfield>
      <subfield code="9">v:Bischof</subfield>
      <subfield code="9">Z:1353-1363</subfield>
    </datafield>
    <datafield tag="510" ind1="2" ind2=" ">
      <subfield code="0">(DE-101)1121237428</subfield>
      <subfield code="0">(DE-588)1121237428</subfield>
      <subfield code="0">https://d-nb.info/gnd/1121237428</subfield>
      <subfield code="a">Katholische Kirche</subfield>
      <subfield code="b">Diözese Konstanz</subfield>
      <subfield code="4">affi</subfield>
      <subfield code="4">https://d-nb.info/standards/elementset/gnd#affiliation</subfield>
      <subfield code="w">r</subfield>
      <subfield code="i">Affiliation</subfield>
      <subfield code="e">Affiliation</subfield>
      <subfield code="9">v:Bischof</subfield>
      <subfield code="9">Z:1357</subfield>
    </datafield>
    <datafield tag="548" ind1=" " ind2=" ">
      <subfield code="a">1298-1363</subfield>
      <subfield code="4">datl</subfield>
      <subfield code="4">https://d-nb.info/standards/elementset/gnd#dateOfBirthAndDeath</subfield>
      <subfield code="w">r</subfield>
      <subfield code="i">Lebensdaten</subfield>
      <subfield code="9">v:Geburtsjahr ca., Geburtsjahr auch ca. 1297</subfield>
    </datafield>
    <datafield tag="548" ind1=" " ind2=" ">
      <subfield code="a">XX.XX.1298-28.10.1363</subfield>
      <subfield code="4">datx</subfield>
      <subfield code="4">https://d-nb.info/standards/elementset/gnd#dateOfBirthAndDeath</subfield>
      <subfield code="w">r</subfield>
      <subfield code="i">Exakte Lebensdaten</subfield>
      <subfield code="9">v:Geburtsjahr ca., Geburtsjahr auch ca. 1297</subfield>
    </datafield>
    <datafield tag="550" ind1=" " ind2=" ">
      <subfield code="a">Dr. decr.</subfield>
      <subfield code="4">akad</subfield>
      <subfield code="4">https://d-nb.info/standards/elementset/gnd#academicDegree</subfield>
      <subfield code="w">r</subfield>
      <subfield code="i">Akademischer Grad</subfield>
    </datafield>
    <datafield tag="550" ind1=" " ind2=" ">
      <subfield code="0">(DE-101)040069494</subfield>
      <subfield code="0">(DE-588)4006949-7</subfield>
      <subfield code="0">https://d-nb.info/gnd/4006949-7</subfield>
      <subfield code="a">Bischof</subfield>
      <subfield code="4">berc</subfield>
      <subfield code="4">https://d-nb.info/standards/elementset/gnd#professionOrOccupation</subfield>
      <subfield code="w">r</subfield>
      <subfield code="i">Charakteristischer Beruf</subfield>
    </datafield>
    <datafield tag="550" ind1=" " ind2=" ">
      <subfield code="0">(DE-101)043048765</subfield>
      <subfield code="0">(DE-588)4304876-6</subfield>
      <subfield code="0">https://d-nb.info/gnd/4304876-6</subfield>
      <subfield code="a">Fürstbischof</subfield>
      <subfield code="4">beru</subfield>
      <subfield code="4">https://d-nb.info/standards/elementset/gnd#professionOrOccupation</subfield>
      <subfield code="w">r</subfield>
      <subfield code="i">Beruf</subfield>
    </datafield>
    <datafield tag="550" ind1=" " ind2=" ">
      <subfield code="0">(DE-101)041563719</subfield>
      <subfield code="0">(DE-588)4156371-2</subfield>
      <subfield code="0">https://d-nb.info/gnd/4156371-2</subfield>
      <subfield code="a">Geistlicher Fürst</subfield>
      <subfield code="4">beru</subfield>
      <subfield code="4">https://d-nb.info/standards/elementset/gnd#professionOrOccupation</subfield>
      <subfield code="w">r</subfield>
      <subfield code="i">Beruf</subfield>
    </datafield>
    <datafield tag="550" ind1=" " ind2=" ">
      <subfield code="0">(DE-101)040004643</subfield>
      <subfield code="0">(DE-588)4000464-8</subfield>
      <subfield code="0">https://d-nb.info/gnd/4000464-8</subfield>
      <subfield code="a">Adel</subfield>
      <subfield code="4">obin</subfield>
      <subfield code="4">https://d-nb.info/standards/elementset/gnd#broaderTermInstantial</subfield>
      <subfield code="w">r</subfield>
      <subfield code="i">Oberbegriff instantiell</subfield>
    </datafield>
    <datafield tag="551" ind1=" " ind2=" ">
      <subfield code="0">(DE-101)040043916</subfield>
      <subfield code="0">(DE-588)4004391-5</subfield>
      <subfield code="0">https://d-nb.info/gnd/4004391-5</subfield>
      <subfield code="a">Bamberg</subfield>
      <subfield code="4">ortw</subfield>
      <subfield code="4">https://d-nb.info/standards/elementset/gnd#placeOfActivity</subfield>
      <subfield code="w">r</subfield>
      <subfield code="i">Wirkungsort</subfield>
    </datafield>
    <datafield tag="551" ind1=" " ind2=" ">
      <subfield code="0">(DE-101)040322157</subfield>
      <subfield code="0">(DE-588)4032215-4</subfield>
      <subfield code="0">https://d-nb.info/gnd/4032215-4</subfield>
      <subfield code="a">Konstanz</subfield>
      <subfield code="4">ortw</subfield>
      <subfield code="4">https://d-nb.info/standards/elementset/gnd#placeOfActivity</subfield>
      <subfield code="w">r</subfield>
      <subfield code="i">Wirkungsort</subfield>
    </datafield>
    <datafield tag="551" ind1=" " ind2=" ">
      <subfield code="0">(DE-101)040802493</subfield>
      <subfield code="0">(DE-588)4080249-8</subfield>
      <subfield code="0">https://d-nb.info/gnd/4080249-8</subfield>
      <subfield code="a">Hochstift Bamberg</subfield>
      <subfield code="4">ortw</subfield>
      <subfield code="4">https://d-nb.info/standards/elementset/gnd#placeOfActivity</subfield>
      <subfield code="w">r</subfield>
      <subfield code="i">Wirkungsort</subfield>
      <subfield code="9">v:Fürstbischof</subfield>
      <subfield code="9">Z:1353-1363</subfield>
    </datafield>
    <datafield tag="551" ind1=" " ind2=" ">
      <subfield code="0">(DE-101)041103602</subfield>
      <subfield code="0">(DE-588)4110360-9</subfield>
      <subfield code="0">https://d-nb.info/gnd/4110360-9</subfield>
      <subfield code="a">Hochstift Konstanz</subfield>
      <subfield code="4">ortw</subfield>
      <subfield code="4">https://d-nb.info/standards/elementset/gnd#placeOfActivity</subfield>
      <subfield code="w">r</subfield>
      <subfield code="i">Wirkungsort</subfield>
      <subfield code="9">v:Fürstbischof</subfield>
      <subfield code="9">Z:1357</subfield>
    </datafield>
    <datafield tag="551" ind1=" " ind2=" ">
      <subfield code="0">(DE-101)040043916</subfield>
      <subfield code="0">(DE-588)4004391-5</subfield>
      <subfield code="0">https://d-nb.info/gnd/4004391-5</subfield>
      <subfield code="a">Bamberg</subfield>
      <subfield code="4">orts</subfield>
      <subfield code="4">https://d-nb.info/standards/elementset/gnd#placeOfDeath</subfield>
      <subfield code="w">r</subfield>
      <subfield code="i">Sterbeort</subfield>
    </datafield>
    <datafield tag="667" ind1=" " ind2=" ">
      <subfield code="a">12-PMA</subfield>
    </datafield>
    <datafield tag="667" ind1=" " ind2=" ">
      <subfield code="a">12</subfield>
    </datafield>
    <datafield tag="667" ind1=" " ind2=" ">
      <subfield code="a">7</subfield>
    </datafield>
    <datafield tag="667" ind1=" " ind2=" ">
      <subfield code="a">VD-16</subfield>
    </datafield>
    <datafield tag="667" ind1=" " ind2=" ">
      <subfield code="a">VD-17</subfield>
    </datafield>
    <datafield tag="670" ind1=" " ind2=" ">
      <subfield code="a">Gatz, Bischöfe</subfield>
    </datafield>
    <datafield tag="670" ind1=" " ind2=" ">
      <subfield code="a">Schematismus des Erzbistums Bamberg</subfield>
      <subfield code="b">2013, Seite 973, Nummer 27</subfield>
    </datafield>
    <datafield tag="670" ind1=" " ind2=" ">
      <subfield code="a">Wikipedia</subfield>
      <subfield code="b">Stand: 20.12.2019</subfield>
      <subfield code="u">https://de.wikipedia.org/wiki/Lupold_von_Bebenburg</subfield>
    </datafield>
    <datafield tag="670" ind1=" " ind2=" ">
      <subfield code="a">LThK</subfield>
    </datafield>
    <datafield tag="670" ind1=" " ind2=" ">
      <subfield code="a">Rep.Font. VII,370</subfield>
    </datafield>
    <datafield tag="672" ind1=" " ind2="0">
      <subfield code="a">De iuribus et translatione Imperii</subfield>
      <subfield code="f">1508</subfield>
    </datafield>
    <datafield tag="672" ind1=" " ind2="0">
      <subfield code="a">De iuribus regni et imperii romani tractatus</subfield>
      <subfield code="f">1562</subfield>
    </datafield>
    <datafield tag="672" ind1=" " ind2="0">
      <subfield code="a">Tractatus de iuribus</subfield>
      <subfield code="f">1603</subfield>
    </datafield>
    <datafield tag="672" ind1=" " ind2="0">
      <subfield code="a">De veterum principum Germanorum zelo et fervore in Christianam r*</subfield>
      <subfield code="f">1564</subfield>
    </datafield>
    <datafield tag="672" ind1=" " ind2="0">
      <subfield code="a">De Zelo Catholicae Religionis, Veterum Germaniae Principum, Romanorum Regum, Imperatorum, Liber I</subfield>
      <subfield code="f">1624</subfield>
    </datafield>
    <datafield tag="672" ind1=" " ind2="0">
      <subfield code="a">Ein sehr nutzlichs büchlin von der alten teutschen Fürsten eyf*</subfield>
      <subfield code="f">1565</subfield>
    </datafield>
    <datafield tag="672" ind1=" " ind2="0">
      <subfield code="a">Tractatus de Juribus Regni et Imperii Romanorum</subfield>
      <subfield code="f">1624</subfield>
    </datafield>
    <datafield tag="672" ind1=" " ind2="0">
      <subfield code="a">Flacius Illyricus, Matthias &lt;der Ältere&gt;: De iuribus et translatione imperii. 1566. (VD16 ZV 5906)</subfield>
    </datafield>
    <datafield tag="672" ind1=" " ind2="0">
      <subfield code="a">Leopold III. &lt;von Bebenburg&gt;: De donatione Constantini declamatio. 1562. (VD16 L 1248)</subfield>
    </datafield>
    <datafield tag="672" ind1=" " ind2="0">
      <subfield code="a">Leopold III. &lt;von Bebenburg&gt;: De iuribus et translatione imperii. 1508. (VD16 ZV 22651)</subfield>
    </datafield>
    <datafield tag="672" ind1=" " ind2="0">
      <subfield code="a">Leopold III. &lt;von Bebenburg&gt;: DE VETERVM PRINCIPVM GERMANORVM ZELO ET FERVORE IN Christianam religionem &amp; Dei ... 1564. (VD16 L 1250)</subfield>
    </datafield>
    <datafield tag="672" ind1=" " ind2="0">
      <subfield code="a">Leopold III. &lt;von Bebenburg&gt;: Ein sehr nutzliche buechlin von der alten teütschen Fürsten eyfer im Catholischen ... 1565. (VD16 L 1251)</subfield>
    </datafield>
    <datafield tag="672" ind1=" " ind2="0">
      <subfield code="a">Leopold III. &lt;von Bebenburg&gt;: LVPOLDVS DE ITRIBVS ET TRANSLATIONE IMPERII. ... [Hrsg.v.(Iacobus Vuymphelingus ... )]. 1508. (VD16 L 1247)</subfield>
    </datafield>
    <datafield tag="678" ind1=" " ind2=" ">
      <subfield code="b">1353-1363 Bischof von Bamberg; 1357 ernannter Bischof von Konstanz; begraben im Dom Bamberg</subfield>
    </datafield>
    <datafield tag="913" ind1=" " ind2=" ">
      <subfield code="S">pnd</subfield>
      <subfield code="i">5</subfield>
      <subfield code="a">Lupoldus &lt;de Bebenburg&gt;</subfield>
      <subfield code="0">(DE-588a)118575341</subfield>
    </datafield>
    <datafield tag="913" ind1=" " ind2=" ">
      <subfield code="S">pnd</subfield>
      <subfield code="i">5</subfield>
      <subfield code="a">Lupold &lt;von Bebenburg&gt;</subfield>
      <subfield code="0">(DE-588a)118575341</subfield>
    </datafield>
    <datafield tag="913" ind1=" " ind2=" ">
      <subfield code="S">pnd</subfield>
      <subfield code="i">5</subfield>
      <subfield code="a">Leopold III. &lt;von Bebenburg&gt;</subfield>
      <subfield code="0">(DE-588a)119742209</subfield>
    </datafield>
  </record>
